<?xml version="1.0" encoding="UTF-8"?><collection xmlns="http://www.loc.gov/MARC21/slim"><record><leader>00444nam--2200133-i-4500</leader><controlfield tag="001">000010261</controlfield><controlfield tag="002">20161230</controlfield><controlfield tag="005">20161230201028</controlfield><controlfield tag="008">060222s1000------------r-----000-0-eng-d</controlfield><datafield ind1=" " ind2=" " tag="245"><subfield code="a">Techniques of metals research vol.6: measurement of physical properties. part.1: some special properties. editor e.pass aglia</subfield></datafield><datafield ind1=" " ind2=" " tag="260"><subfield code="a">New York, Interscience Publishers, 1972</subfield></datafield><datafield ind1=" " ind2=" " tag="490"><subfield code="a">Xi+493p</subfield></datafield><datafield ind1=" " ind2=" " tag="700"><subfield code="a">Bunshah, R. F</subfield></datafield><datafield ind1=" " ind2=" " tag="852"><subfield code="a">536.33:539.2:537.58:538.22</subfield></datafield></record></collection>